Quarter Ended,2023-03-31,2022-12-31,2022-09-30,2022-06-30,2022-03-31,2021-12-31,2021-09-30,2021-06-30,2021-03-31,2020-12-31,2020-09-30,2020-06-30,2020-03-31,2019-12-31,2019-09-30,2019-06-30,2019-03-31,2018-12-31,2018-09-30,2018-06-30,2018-03-31,2017-12-31,2017-09-30,2017-06-30,2017-03-31,2016-12-31,2016-09-30,2016-06-30,2016-03-31,2015-12-31,2015-09-30,2015-06-30,2015-03-31,2014-12-31,2014-09-30,2014-06-30,2014-03-31,2013-12-31,2013-09-30,2013-06-30,2013-03-31,2012-12-31,2012-09-30,2012-06-30,2012-03-31,2011-12-31,2011-09-30,2011-06-30,2011-03-31,2010-12-31,2010-09-30,2010-06-30,2010-03-31,2009-12-31,2009-09-30,2009-06-30,2009-03-31,2008-12-31,2008-09-30,2008-06-30,2008-03-31,2007-12-31,2007-09-30,2007-06-30,2007-03-31,2006-12-31,2006-09-30,2006-06-30,2006-03-31,2005-12-31,2005-09-30,2005-06-30,2005-03-31,2004-12-31,2004-09-30,2004-06-30,2004-03-31,2003-12-31,2003-09-30,2003-06-30,2003-03-31,2002-12-31,2002-09-30,2002-06-30,2002-03-31,2001-12-31,2001-09-30,2001-06-30
Revenue,4384235000000,4438186000000,4255754000000,3829550000000,3875683000000,3688785000000,3404358000000,3583870000000,3623806000000,3771569000000,3651369000000,2123775000000,3458060000000,3747593000000,3729103000000,3996253000000,4049117000000,3973655000000,3841712000000,4024133000000,3914728000000,3957123000000,3776199000000,3713096000000,3763434000000,3501068000000,3262968000000,3471730000000,3657889000000,3617223000000,3621277000000,3704762000000,3491515000000,3497906000000,3131935000000,3206743000000,3760886000000,3020889000000,2890221000000,2834095000000,2744960000000,2425792000000,2271286000000,2435909000000,2405062000000,1942545000000,1885892000000,1714596000000,2213079000000,2110414000000,2251911000000,2361463000000,2279567000000,2240740000000,2056655000000,2002212000000,1783898000000,2533257000000,2826865000000,2867221000000,3055551000000,3044814000000,2971346000000,2931123000000,3087890000000,2768652000000,2630874000000,2599724000000,2833741000000,2472006000000,2337670000000,2264579000000,2349554000000,2133820000000,2093578000000,2073153000000,2144924000000,1992245000000,2017203000000,2008228000000,2128649000000,1989239000000,1916775000000,1936836000000,2101030000000,1756412000000,1744561000000,1760435000000
Revenue Growth (YoY),13.12%,20.32%,25.01%,6.86%,6.95%,-2.19%,-6.76%,68.75%,4.79%,0.64%,-2.08%,-46.86%,-14.60%,-5.69%,-2.93%,-0.69%,3.43%,0.42%,1.73%,8.38%,4.02%,13.03%,15.73%,6.95%,2.89%,-3.21%,-9.89%,-6.29%,4.77%,3.41%,15.62%,15.53%,-7.16%,15.79%,8.36%,13.15%,37.01%,24.53%,27.25%,16.35%,14.13%,24.88%,20.44%,42.07%,8.67%,-7.95%,-16.25%,-27.39%,-2.92%,-5.82%,9.49%,17.94%,27.79%,-11.55%,-27.25%,-30.17%,-41.62%,-16.80%,-4.86%,-2.18%,-1.05%,9.97%,12.94%,12.75%,8.97%,12.00%,12.54%,14.80%,20.61%,15.85%,11.66%,9.23%,9.54%,7.11%,3.79%,3.23%,0.76%,0.15%,5.24%,3.69%,1.31%,13.26%,9.87%,10.02%,,,,
Cost of Revenue,3530639000000,3539583000000,3441741000000,3064170000000,3081173000000,2924975000000,2715355000000,2846420000000,2845168000000,2940964000000,2884258000000,1769299000000,2761533000000,2966552000000,2957091000000,3166483000000,3255441000000,3158104000000,3004708000000,3162696000000,3073933000000,3063005000000,2988854000000,2874789000000,2928589000000,2736728000000,2522871000000,2677660000000,2828442000000,2789606000000,2828705000000,2885646000000,2704575000000,2684121000000,2440476000000,2501612000000,3106490000000,2208846000000,2150812000000,2124409000000,2050556000000,1800557000000,1702835000000,1791214000000,1777708000000,1446474000000,1405811000000,1289640000000,1647432000000,1517648000000,1647625000000,1684136000000,1694201000000,1610147000000,1556549000000,1553824000000,1486945000000,1833960000000,2058223000000,2051325000000,2202025000000,2140323000000,2088906000000,2111916000000,2173589000000,1945754000000,1884533000000,1861266000000,2042981000000,1731527000000,1644719000000,1591130000000,1668769000000,1483180000000,1444313000000,1441910000000,1480633000000,1363822000000,1386765000000,1378586000000,1374387000000,1374953000000,1296008000000,1318856000000,1420314000000,1178913000000,1185292000000,1220245000000
Gross Profit,853596000000,898603000000,814013000000,765380000000,794510000000,763810000000,689003000000,737450000000,778638000000,830605000000,767111000000,354476000000,696527000000,781041000000,772012000000,829770000000,793676000000,815551000000,837004000000,861437000000,840795000000,894118000000,787345000000,838307000000,834845000000,764340000000,740097000000,794070000000,829447000000,827617000000,792572000000,819116000000,786940000000,813785000000,691459000000,705131000000,654396000000,812043000000,739409000000,709686000000,694404000000,625235000000,568451000000,644695000000,627354000000,496071000000,480081000000,424956000000,565647000000,592766000000,604286000000,677327000000,585366000000,630593000000,500106000000,448388000000,296953000000,699297000000,768642000000,815896000000,853526000000,904491000000,882440000000,819207000000,914301000000,822898000000,746341000000,738458000000,790760000000,740479000000,692951000000,673449000000,680785000000,650640000000,649265000000,631243000000,664291000000,628423000000,630438000000,629642000000,754262000000,614286000000,620767000000,617980000000,680716000000,577499000000,559269000000,540190000000
"Selling, General & Admin",469139000000,397362000000,383205000000,361573000000,371238000000,329644000000,308589000000,317014000000,327517000000,381019000000,317939000000,305253000000,477999000000,379648000000,376494000000,407449000000,519892000000,444556000000,438289000000,371656000000,494956000000,422923000000,462449000000,394823000000,474572000000,380356000000,384621000000,361663000000,698152000000,497167000000,479067000000,434488000000,535509000000,454464000000,368169000000,362408000000,267425000000,425949000000,416863000000,383061000000,402783000000,354767000000,327472000000,342683000000,367862000000,317354000000,299897000000,292167000000,395615000000,343003000000,319433000000,324609000000,351275000000,341355000000,323062000000,321632000000,439884000000,447497000000,483165000000,468273000000,525235000000,481042000000,456333000000,455986000000,500218000000,474746000000,424686000000,418622000000,449356000000,420736000000,405797000000,380476000000,412874000000,376999000000,360331000000,363055000000,433416000000,346955000000,355879000000,367433000000,395200000000,348850000000,362721000000,339134000000,381781000000,318047000000,306848000000,294620000000
Research & Development,279002000000,220750000000,199572000000,181591000000,223685000000,204717000000,181428000000,177226000000,237913000000,171851000000,166216000000,162914000000,224145000000,234744000000,175382000000,169852000000,231419000000,200848000000,184240000000,190398000000,219013000000,186619000000,171951000000,174273000000,222171000000,176299000000,127395000000,165564000000,195126000000,167371000000,148663000000,145342000000,165333000000,149320000000,154293000000,137216000000,148095000000,157520000000,151095000000,141662000000,155632000000,138527000000,140112000000,125999000000,147516000000,134419000000,127673000000,110210000000,123826000000,124110000000,121380000000,118275000000,137994000000,112267000000,111501000000,101592000000,140076000000,149348000000,136626000000,137147000000,159447000000,147206000000,139769000000,141537000000,163859000000,143042000000,128631000000,116315000000,138588000000,124757000000,124460000000,122580000000,127552000000,116005000000,116002000000,108195000000,117955000000,112140000000,116128000000,102744000000,117382000000,106458000000,105000000000,108023000000,107752000000,104670000000,88629000000,94125000000
Operating Expenses,748141000000,618112000000,582777000000,543164000000,594923000000,534361000000,490017000000,494240000000,565430000000,552870000000,484155000000,468167000000,702144000000,614392000000,551876000000,577301000000,751311000000,645404000000,622529000000,562054000000,713969000000,609542000000,634400000000,569096000000,696743000000,556655000000,512016000000,527227000000,893278000000,664538000000,627730000000,579830000000,700842000000,603784000000,522462000000,499624000000,415520000000,583469000000,567958000000,524723000000,558415000000,493294000000,467584000000,468682000000,515378000000,451773000000,427570000000,402377000000,519441000000,467113000000,440813000000,442884000000,489269000000,453622000000,434563000000,423224000000,579960000000,637401000000,636937000000,615762000000,684682000000,628248000000,596102000000,597523000000,664077000000,617788000000,553317000000,534937000000,449928000000,545493000000,530257000000,503056000000,540426000000,493004000000,476333000000,471250000000,551371000000,459095000000,472007000000,470177000000,512582000000,455308000000,467721000000,447157000000,489533000000,422717000000,395477000000,388745000000
Other Operating Expenses,0,0,0,0,0,0,0,0,0,0,0,0,0,0,0,0,0,0,0,0,0,0,0,0,0,0,0,0,0,0,0,0,0,0,0,0,0,0,0,0,0,0,0,0,0,0,0,0,0,0,0,0,0,0,0,0,0,40556000000,17146000000,10342000000,0,0,0,0,0,0,0,0,-138016000000,0,0,0,0,0,0,0,0,0,0,0,0,0,0,0,0,0,0,0
Operating Income,105455000000,280491000000,231236000000,222216000000,199587000000,229449000000,198986000000,243210000000,213208000000,277735000000,282956000000,-113691000000,-5617000000,166649000000,220136000000,252469000000,42365000000,170147000000,214475000000,299383000000,126826000000,284576000000,152945000000,269211000000,138102000000,207685000000,228081000000,266843000000,-63831000000,163079000000,164842000000,239286000000,86098000000,210001000000,168997000000,205507000000,238876000000,228574000000,171451000000,184963000000,135989000000,131941000000,100867000000,176013000000,111976000000,44298000000,52511000000,22579000000,46206000000,125653000000,163473000000,234443000000,96097000000,176971000000,65543000000,25164000000,-283007000000,61896000000,131705000000,200134000000,168844000000,276243000000,286338000000,221684000000,250224000000,205110000000,193024000000,203521000000,340832000000,194986000000,162694000000,170393000000,140359000000,157636000000,172932000000,159993000000,112920000000,169328000000,158431000000,159465000000,241680000000,158978000000,153046000000,170823000000,191183000000,154782000000,163792000000,151445000000
Interest Expense / Income,10898000000,9564000000,8223000000,7427000000,7198000000,3241000000,3503000000,2925000000,5314000000,2014000000,4716000000,1833000000,9564000000,7530000000,4000000000,3595000000,3152000000,4108000000,2994000000,2963000000,3677000000,3142000000,3297000000,2854000000,3687000000,2593000000,3099000000,3092000000,4608000000,4406000000,4307000000,4825000000,3530000000,5106000000,4820000000,4738000000,3142000000,3849000000,2838000000,2974000000,3214000000,2812000000,3115000000,3016000000,2869000000,2445000000,2520000000,2544000000,2210000000,2017000000,2073000000,2174000000,4256000000,1172000000,3313000000,3811000000,38641000000,-5120000000,-6289000000,-4689000000,42519000000,-8131000000,-8513000000,-9252000000,-7282000000,-8727000000,-7047000000,-6396000000,-6755000000,-5517000000,-1562000000,-1627000000,697000000,-747000000,465000000,544000000,337000000,328000000,-1235000000,1465000000,838000000,1640000000,330000000,1954000000,2002000000,2613000000,1978000000,2731000000
Other Expense / Income,30928000000,-52139000000,-39550000000,-8254000000,-12963000000,-43992000000,-49369000000,-55867000000,-37229000000,-95424000000,-55851000000,-41199000000,-10912000000,-32356000000,-59869000000,-23647000000,-63417000000,-44258000000,-53107000000,-39470000000,-53326000000,-45946000000,-75316000000,-50495000000,-37225000000,-38180000000,-30942000000,-9574000000,4731000000,-27283000000,-35814000000,-30027000000,-13661000000,-43370000000,-13783000000,-31351000000,-32982000000,-16118000000,-21185000000,-11349000000,28789000000,23592000000,-29294000000,-36559000000,-11425000000,-39056000000,-40082000000,-35668000000,-49709000000,-44518000000,-33758000000,-51629000000,-19107000000,-23268000000,-24965000000,3294000000,-18552000000,-46377000000,-32780000000,-50844000000,-39019000000,485000000,5032000000,-17487000000,2195000000,-3513000000,13741000000,-7260000000,-9965000000,4740000000,-31200000000,6569000000,-9026000000,-58991000000,-21424000000,-33460000000,-8031000000,-59584000000,-47473000000,-2741000000,45173000000,-16757000000,26270000000,-6648000000,14463000000,20096000000,19183000000,4279000000
Pretax Income,63629000000,323066000000,262563000000,223043000000,205352000000,270200000000,244852000000,296152000000,245123000000,371145000000,334091000000,-74325000000,-4269000000,191475000000,276005000000,272521000000,102630000000,210297000000,264588000000,335890000000,176475000000,327380000000,224964000000,316852000000,171640000000,243272000000,255924000000,273325000000,-73170000000,185956000000,196349000000,264488000000,96229000000,248265000000,177960000000,232120000000,268716000000,240843000000,189798000000,193338000000,103986000000,105537000000,127046000000,209556000000,120532000000,80909000000,90073000000,55703000000,93705000000,168154000000,195158000000,283898000000,110948000000,199067000000,87195000000,18059000000,-303096000000,113393000000,170774000000,255667000000,165344000000,283889000000,289819000000,248423000000,255311000000,217350000000,186330000000,217177000000,357552000000,195763000000,195456000000,165451000000,148688000000,217374000000,193891000000,192909000000,120614000000,228584000000,207139000000,160741000000,195669000000,174095000000,126446000000,175517000000,174718000000,132073000000,142631000000,144435000000
Income Tax,-48469000000,78411000000,73268000000,73824000000,80454000000,77240000000,78155000000,73640000000,31800000000,87094000000,93169000000,6546000000,25273000000,75043000000,79451000000,100219000000,115653000000,42059000000,53817000000,91560000000,68730000000,-242871000000,50958000000,109517000000,75681000000,74457000000,78828000000,98626000000,20274000000,61769000000,68598000000,78451000000,14324000000,95869000000,58430000000,76516000000,47612000000,80111000000,69430000000,70839000000,28234000000,28096000000,44813000000,77833000000,48938000000,33247000000,29644000000,23906000000,49151000000,87036000000,59229000000,11411000000,38772000000,64440000000,33158000000,10499000000,-116932000000,93151000000,47458000000,82270000000,139914000000,83880000000,81336000000,82306000000,79127000000,72523000000,58421000000,73775000000,138039000000,62617000000,61748000000,54785000000,54635000000,66614000000,66769000000,78647000000,46504000000,77534000000,69780000000,58922000000,78953000000,58928000000,39265000000,67919000000,68009000000,49815000000,58269000000,55057000000
Net Income,112098000000,244655000000,189295000000,149219000000,124898000000,192960000000,166697000000,222512000000,213323000000,284051000000,240922000000,-80871000000,-29542000000,116432000000,196554000000,172302000000,-13023000000,168238000000,210771000000,244330000000,107745000000,570251000000,174006000000,207335000000,95959000000,168815000000,177096000000,174699000000,-93444000000,124187000000,127751000000,186037000000,81905000000,152396000000,119530000000,155604000000,221104000000,160732000000,120368000000,122499000000,75752000000,77441000000,82233000000,131723000000,71594000000,47662000000,60429000000,31797000000,44554000000,81118000000,135929000000,272487000000,72176000000,134627000000,54037000000,7560000000,-186164000000,20242000000,123316000000,173397000000,25430000000,200009000000,208483000000,166117000000,176184000000,144827000000,127909000000,143402000000,219513000000,133146000000,133708000000,110666000000,94053000000,150760000000,127122000000,114262000000,74110000000,151050000000,137359000000,101819000000,116716000000,115167000000,87181000000,107598000000,106709000000,82258000000,84362000000,89378000000
Net Income Growth,-10.25%,26.79%,13.56%,-32.94%,-41.45%,-32.07%,-30.81%,,,143.96%,22.57%,,,-30.79%,-6.75%,-29.48%,,-70.50%,21.13%,17.84%,12.28%,237.80%,-1.74%,18.68%,,35.94%,38.63%,-6.09%,,-18.51%,6.88%,19.56%,-62.96%,-5.19%,-0.70%,27.02%,191.88%,107.55%,46.37%,-7.00%,5.81%,62.48%,36.08%,314.26%,60.69%,-41.24%,-55.54%,-88.33%,-38.27%,-39.75%,151.55%,3504.33%,,565.09%,-56.18%,-95.64%,,-89.88%,-40.85%,4.38%,-85.57%,38.10%,62.99%,15.84%,-19.74%,8.77%,-4.34%,29.58%,133.39%,-11.68%,5.18%,-3.15%,26.91%,-0.19%,-7.45%,12.22%,-36.50%,31.16%,57.56%,-5.37%,9.38%,40.01%,3.34%,20.39%,,,,
Shares Outstanding (Basic),1683960364,1707725187,1710678521,1710600356,1726612495,1726548004,1726684031,1726655268,1726634998,1726609786,1726609786,1726609786,1759561385,1759561385,1759561385,1759561385,1778277815,1778277815,1778277815,1778277815,1802280395,1802280395,1802280395,1802280395,1802283519,1802283519,1802283519,1802283519,1802291196,1802291196,1802291196,1802291196,1802291196,1802291196,1802291196,1802291196,1802297290,1802297290,1802297290,1802297290,1802299559,1802299559,1802299559,1802299559,1802301714,1802301714,1802301714,1802301714,1814602736,1814602736,1814602736,1814602736,1814609000,1814609000,1814609000,1814609000,1814537899,1814537899,1814537899,1814537899,1821992908,1821992908,1821992908,1826148430,1826148430,1826148430,1826148430,1826148430,1922755050,1922755050,1922755050,1951901178,1951901178,1951901178,1951901178,2002740182,2002740182,2002740182,2002740182,1948828430,1948828430,1948828430,1948828430,1948828430,,,,
Shares Change,-2.47%,-1.09%,-0.93%,-0.93%,0.00%,0.00%,0.00%,0.00%,-1.87%,-1.87%,-1.87%,-1.87%,-1.05%,-1.05%,-1.05%,-1.05%,-1.33%,-1.33%,-1.33%,-1.33%,0.00%,0.00%,0.00%,0.00%,0.00%,0.00%,0.00%,0.00%,0.00%,0.00%,0.00%,0.00%,0.00%,0.00%,0.00%,0.00%,0.00%,0.00%,0.00%,0.00%,0.00%,0.00%,0.00%,0.00%,-0.68%,-0.68%,-0.68%,-0.68%,0.00%,0.00%,0.00%,0.00%,0.00%,0.00%,0.00%,0.00%,-0.41%,-0.41%,-0.41%,-0.64%,-0.23%,-0.23%,-0.23%,0.00%,-5.02%,-5.02%,-5.02%,-6.44%,-1.49%,-1.49%,-1.49%,-2.54%,-2.54%,-2.54%,-2.54%,2.77%,2.77%,2.77%,2.77%,0.00%,,,,,,,,
EPS (Basic),67.49,144.30,110.85,87.23,73.17,112.49,96.56,128.87,123.54,164.51,139.54,-46.84,-16.00,66.50,111.71,97.92,-7.11,95.66,119.69,137.75,61.40,317.80,96.55,115.04,53.24,93.67,98.26,96.93,-51.85,68.90,70.89,103.22,45.45,84.55,66.32,86.34,122.68,89.19,66.78,67.97,42.03,42.97,45.62,73.09,39.72,26.45,33.53,17.64,25.15,45.01,75.24,150.27,39.77,74.19,29.78,4.17,-102.60,11.16,67.96,95.56,14.05,110.23,114.88,91.38,96.65,79.45,70.06,78.46,119.62,72.41,72.45,59.87,50.85,80.89,67.85,60.83,39.46,79.33,71.66,53.01,60.42,59.32,44.78,55.21,54.76,42.21,43.29,45.86
EPS (Diluted),67.49,144.30,110.85,87.23,73.17,112.49,96.56,128.87,123.54,164.51,139.54,-46.84,-16.00,66.50,111.71,97.92,-7.11,95.66,119.69,137.75,61.40,317.80,96.55,115.04,53.24,93.67,98.26,96.93,-51.85,68.90,70.89,103.22,45.45,84.55,66.32,86.34,122.68,89.19,66.78,67.97,42.03,42.97,45.62,73.09,39.72,26.45,33.53,17.64,25.15,45.01,75.24,150.27,39.77,74.19,29.78,4.17,-99.18,11.16,67.96,95.56,,,114.88,91.38,,,70.06,78.46,119.62,72.41,72.44,59.88,50.85,80.89,67.85,60.83,,,71.66,53.01,,,44.78,55.21,,,43.29,45.86
EPS Growth,-7.76%,28.28%,14.80%,-32.31%,-40.77%,-31.62%,-30.80%,,,147.38%,24.91%,,,-30.48%,-6.67%,-28.91%,,-69.90%,23.97%,19.74%,15.33%,239.28%,-1.74%,18.68%,,35.95%,38.61%,-6.09%,,-18.51%,6.89%,19.55%,-62.95%,-5.20%,-0.69%,27.03%,191.89%,107.56%,46.38%,-7.01%,5.82%,62.46%,36.06%,314.34%,57.93%,-41.24%,-55.44%,-88.26%,-36.76%,-39.33%,152.65%,3503.60%,,564.78%,-56.18%,-95.64%,,,-40.84%,4.57%,,,63.97%,16.47%,,,-3.29%,31.04%,135.25%,-10.49%,6.77%,-1.56%,,,-5.32%,14.74%,,,60.03%,-3.98%,,,3.44%,20.39%,,,,
Free Cash Flow Per Share,195.63,137.73,338.99,307.28,390.06,348.21,134.48,-39.56,90.94,138.40,299.65,-88.40,148.98,56.52,90.48,60.28,99.83,6.84,61.71,43.06,148.63,29.93,115.89,31.33,177.48,-51.21,76.52,24.51,159.86,48.99,91.27,133.46,151.38,43.21,47.12,-16.75,-344.93,23.21,126.80,56.36,54.57,32.64,4.29,29.49,54.50,-37.59,122.23,75.91,122.92,11.54,148.35,159.60,142.95,76.50,273.39,155.58,-92.04,-137.40,13.48,87.72,136.99,10.98,77.92,40.51,123.52,-48.46,68.55,35.56,71.20,-69.38,56.66,24.65,110.11,-7.46,83.29,31.19,,,,,,,,,,,,
Dividend Per Share,0.00,0.00,0.41,0.00,0.00,0.00,0.49,0.00,0.40,0.25,0.18,0.10,0.26,0.26,0.26,0.21,0.00,0.25,0.25,0.24,0.25,0.23,0.21,0.22,0.00,0.21,0.19,0.22,0.21,0.19,0.33,0.00,0.16,0.16,0.16,0.18,0.19,0.17,0.68,0.19,0.18,0.19,0.21,0.22,0.17,0.17,0.18,0.18,0.17,0.17,0.13,0.13,0.12,0.10,0.08,0.08,0.08,0.10,0.23,0.20,0.20,0.19,0.17,0.16,0.15,0.13,0.24,0.00,0.24,0.00,0.17,0.00,0.16,0.00,0.13,0.00,0.10,0.00,0.08,0.00,0.07,0.00,0.06,0.00,0.05,0.00,0.04,0.00
Dividend Growth,,,-15.26%,,,,165.03%,,51.34%,-2.35%,-28.79%,-50.24%,,1.59%,4.47%,-13.99%,,7.26%,14.95%,11.98%,,9.86%,10.31%,-1.36%,,10.36%,-41.57%,,36.13%,20.63%,106.21%,,-17.55%,-5.88%,-76.29%,-1.08%,5.62%,-9.09%,221.80%,-15.84%,4.71%,10.65%,19.89%,24.16%,0.00%,1.20%,35.38%,37.98%,39.34%,62.14%,54.76%,67.53%,58.44%,3.00%,-63.48%,-61.50%,-62.07%,-46.24%,32.95%,28.21%,38.10%,46.46%,-26.69%,,-37.71%,,41.32%,,50.32%,,32.54%,,58.59%,,61.54%,,45.59%,,41.82%,,28.30%,,25.00%,,,,,
Gross Margin,19.47%,20.25%,19.13%,19.99%,20.50%,20.71%,20.24%,20.58%,21.49%,22.02%,21.01%,16.69%,20.14%,20.84%,20.70%,20.76%,19.60%,20.52%,21.79%,21.41%,21.48%,22.60%,20.85%,22.58%,22.18%,21.83%,22.68%,22.87%,22.68%,22.88%,21.89%,22.11%,22.54%,23.26%,22.08%,21.99%,17.40%,26.88%,25.58%,25.04%,25.30%,25.77%,25.03%,26.47%,26.08%,25.54%,25.46%,24.78%,25.56%,28.09%,26.83%,28.68%,25.68%,28.14%,24.32%,22.39%,16.65%,27.60%,27.19%,28.46%,27.93%,29.71%,29.70%,27.95%,29.61%,29.72%,28.37%,28.41%,27.91%,29.95%,29.64%,29.74%,28.98%,30.49%,31.01%,30.45%,30.97%,31.54%,31.25%,31.35%,35.43%,30.88%,32.39%,31.91%,32.40%,32.88%,32.06%,30.69%
Operating Margin,2.41%,6.32%,5.43%,5.80%,5.15%,6.22%,5.85%,6.79%,5.88%,7.36%,7.75%,-5.35%,-0.16%,4.45%,5.90%,6.32%,1.05%,4.28%,5.58%,7.44%,3.24%,7.19%,4.05%,7.25%,3.67%,5.93%,6.99%,7.69%,-1.75%,4.51%,4.55%,6.46%,2.47%,6.00%,5.40%,6.41%,6.35%,7.57%,5.93%,6.53%,4.95%,5.44%,4.44%,7.23%,4.66%,2.28%,2.78%,1.32%,2.09%,5.95%,7.26%,9.93%,4.22%,7.90%,3.19%,1.26%,-15.86%,2.44%,4.66%,6.98%,5.53%,9.07%,9.64%,7.56%,8.10%,7.41%,7.34%,7.83%,12.03%,7.89%,6.96%,7.52%,5.97%,7.39%,8.26%,7.72%,5.26%,8.50%,7.85%,7.94%,11.35%,7.99%,7.98%,8.82%,9.10%,8.81%,9.39%,8.60%
Profit Margin,2.56%,5.51%,4.45%,3.90%,3.22%,5.23%,4.90%,6.21%,5.89%,7.53%,6.60%,-3.81%,-0.85%,3.11%,5.27%,4.31%,-0.32%,4.23%,5.49%,6.07%,2.75%,14.41%,4.61%,5.58%,2.55%,4.82%,5.43%,5.03%,-2.55%,3.43%,3.53%,5.02%,2.35%,4.36%,3.82%,4.85%,5.88%,5.32%,4.16%,4.32%,2.76%,3.19%,3.62%,5.41%,2.98%,2.45%,3.20%,1.85%,2.01%,3.84%,6.04%,11.54%,3.17%,6.01%,2.63%,0.38%,-10.44%,0.80%,4.36%,6.05%,0.83%,6.57%,7.02%,5.67%,5.71%,5.23%,4.86%,5.52%,7.75%,5.39%,5.72%,4.89%,4.00%,7.07%,6.07%,5.51%,3.46%,7.58%,6.81%,5.07%,5.48%,5.79%,4.55%,5.56%,5.08%,4.68%,4.84%,5.08%
Free Cash Flow Margin,7.51%,5.30%,13.63%,13.73%,17.38%,16.30%,6.82%,-1.91%,4.33%,6.34%,14.17%,-7.19%,7.58%,2.65%,4.27%,2.65%,4.38%,0.31%,2.86%,1.90%,6.84%,1.36%,5.53%,1.52%,8.50%,-2.64%,4.23%,1.27%,7.88%,2.44%,4.54%,6.49%,7.81%,2.23%,2.71%,-0.94%,-16.53%,1.38%,7.91%,3.58%,3.58%,2.42%,0.34%,2.18%,4.08%,-3.49%,11.68%,7.98%,10.08%,0.99%,11.95%,12.26%,11.38%,6.19%,24.12%,14.10%,-9.36%,-9.84%,0.86%,5.55%,8.17%,0.66%,4.78%,2.52%,7.31%,-3.20%,4.76%,2.50%,4.83%,-5.40%,4.66%,2.12%,9.15%,-0.68%,7.77%,3.01%,,,,,,,,,,,,
Effective Tax Rate,-76.17%,24.27%,27.90%,33.10%,39.18%,28.59%,31.92%,24.87%,12.97%,23.47%,27.89%,,,39.19%,28.79%,36.77%,112.69%,20.00%,20.34%,27.26%,38.95%,-74.19%,22.65%,34.56%,44.09%,30.61%,30.80%,36.08%,,33.22%,34.94%,29.66%,14.89%,38.62%,32.83%,32.96%,17.72%,33.26%,36.58%,36.64%,27.15%,26.62%,35.27%,37.14%,40.60%,41.09%,32.91%,42.92%,52.45%,51.76%,30.35%,4.02%,34.95%,32.37%,38.03%,58.14%,,82.15%,27.79%,32.18%,84.62%,29.55%,28.06%,33.13%,30.99%,33.37%,31.35%,33.97%,38.61%,31.99%,31.59%,33.11%,36.74%,30.64%,34.44%,40.77%,38.56%,33.92%,33.69%,36.66%,40.35%,33.85%,31.05%,38.70%,38.93%,37.72%,40.85%,38.12%
EBITDA,259267000000,512216000000,466659000000,391901000000,365624000000,423440000000,405054000000,450368000000,430131000000,523420000000,483672000000,76927000000,175445000000,400829000000,437892000000,446132000000,309091000000,380522000000,433032000000,525672000000,362015000000,509937000000,402097000000,497685000000,357662000000,409772000000,420035000000,443492000000,98316000000,358106000000,365739000000,430322000000,269353000000,414382000000,330184000000,384078000000,278138000000,445474000000,384996000000,385022000000,275361000000,256830000000,269147000000,347413000000,295766000000,211464000000,217847000000,187385000000,263043000000,306765000000,337538000000,431458000000,273924000000,354163000000,247093000000,182315000000,-78924000000,262572000000,321851000000,391426000000,350954000000,411642000000,405801000000,354126000000,363798000000,308807000000,259680000000,285919000000,436214000000,254084000000,251956000000,218732000000,212719000000,273270000000,249206000000,244378000000,,,,,,,,,,,,
EBITDA Margin,5.91%,11.54%,10.97%,10.23%,9.43%,11.48%,11.90%,12.57%,11.87%,13.88%,13.25%,3.62%,5.07%,10.70%,11.74%,11.16%,7.63%,9.58%,11.27%,13.06%,9.25%,12.89%,10.65%,13.40%,9.50%,11.70%,12.87%,12.77%,2.69%,9.90%,10.10%,11.62%,7.71%,11.85%,10.54%,11.98%,7.40%,14.75%,13.32%,13.59%,10.03%,10.59%,11.85%,14.26%,12.30%,10.89%,11.55%,10.93%,11.89%,14.54%,14.99%,18.27%,12.02%,15.81%,12.01%,9.11%,-4.42%,10.36%,11.39%,13.65%,11.49%,13.52%,13.66%,12.08%,11.78%,11.15%,9.87%,11.00%,15.39%,10.28%,10.78%,9.66%,9.05%,12.81%,11.90%,11.79%,,,,,,,,,,,,
Depreciation & Amortization,184740000000,179586000000,195873000000,161431000000,153074000000,149999000000,156699000000,151291000000,179694000000,150261000000,144865000000,149419000000,170150000000,201824000000,157887000000,170016000000,203309000000,166117000000,165450000000,186819000000,181863000000,179415000000,173836000000,177979000000,182335000000,163907000000,161012000000,167075000000,166878000000,167744000000,165083000000,161009000000,169594000000,161011000000,147404000000,147220000000,6280000000,200782000000,192360000000,188710000000,168161000000,148481000000,138986000000,134841000000,172365000000,128110000000,125254000000,129138000000,167128000000,136594000000,140307000000,145386000000,158720000000,153924000000,156585000000,160445000000,185531000000,154299000000,157366000000,140448000000,143091000000,135884000000,124495000000,114955000000,115769000000,100184000000,80397000000,75138000000,85417000000,63838000000,58062000000,54908000000,63334000000,56643000000,54850000000,50925000000,,,,,,,,,,,,
EBIT,74527000000,332630000000,270786000000,230470000000,212550000000,273441000000,248355000000,299077000000,250437000000,373159000000,338807000000,-72492000000,5295000000,199005000000,280005000000,276116000000,105782000000,214405000000,267582000000,338853000000,180152000000,330522000000,228261000000,319706000000,175327000000,245865000000,259023000000,276417000000,-68562000000,190362000000,200656000000,269313000000,99759000000,253371000000,182780000000,236858000000,271858000000,244692000000,192636000000,196312000000,107200000000,108349000000,130161000000,212572000000,123401000000,83354000000,92593000000,58247000000,95915000000,170171000000,197231000000,286072000000,115204000000,200239000000,90508000000,21870000000,-264455000000,108273000000,164485000000,250978000000,207863000000,275758000000,281306000000,239171000000,248029000000,208623000000,179283000000,210781000000,350797000000,190246000000,193894000000,163824000000,149385000000,216627000000,194356000000,193453000000,120951000000,228912000000,205904000000,162206000000,196507000000,175735000000,126776000000,177471000000,176720000000,134686000000,144609000000,147166000000
EBIT Margin,1.70%,7.49%,6.36%,6.02%,5.48%,7.41%,7.30%,8.35%,6.91%,9.89%,9.28%,-3.41%,0.15%,5.31%,7.51%,6.91%,2.61%,5.40%,6.97%,8.42%,4.60%,8.35%,6.04%,8.61%,4.66%,7.02%,7.94%,7.96%,-1.87%,5.26%,5.54%,7.27%,2.86%,7.24%,5.84%,7.39%,7.23%,8.10%,6.67%,6.93%,3.91%,4.47%,5.73%,8.73%,5.13%,4.29%,4.91%,3.40%,4.33%,8.06%,8.76%,12.11%,5.05%,8.94%,4.40%,1.09%,-14.82%,4.27%,5.82%,8.75%,6.80%,9.06%,9.47%,8.16%,8.03%,7.54%,6.81%,8.11%,12.38%,7.70%,8.29%,7.23%,6.36%,10.15%,9.28%,9.33%,5.64%,11.49%,10.21%,8.08%,9.23%,8.83%,6.61%,9.16%,8.41%,7.67%,8.29%,8.36%