Quarter Ended,2023-03-31,2022-12-31,2022-09-30,2022-06-30,2022-03-31,2021-12-31,2021-09-30,2021-06-30,2021-03-31,2020-12-31,2020-09-30,2020-06-30,2020-03-31,2019-12-31,2019-09-30,2019-06-30,2019-03-31,2018-12-31,2018-09-30,2018-06-30,2018-03-31,2017-12-31,2017-09-30,2017-06-30,2017-03-31,2016-12-31,2016-09-30,2016-06-30,2016-03-31,2015-12-31,2015-09-30,2015-06-30,2015-03-31,2014-12-31,2014-09-30,2014-06-30,2014-03-31,2013-12-31,2013-09-30,2013-06-30,2013-03-31,2012-12-31,2012-09-30,2012-06-30,2012-03-31,2011-12-31,2011-09-30,2011-06-30,2011-03-31,2010-12-31,2010-09-30,2010-06-30,2010-03-31,2009-12-31,2009-09-30,2009-06-30,2009-03-31,2008-12-31,2008-09-30,2008-06-30,2008-03-31,2007-12-31,2007-09-30,2007-06-30,2007-03-31,2006-12-31,2006-09-30,2006-06-30,2006-03-31,2005-12-31,2005-09-30,2005-06-30,2005-03-31,2004-12-31,2004-09-30,2004-06-30,2004-03-30,2003-12-31,2003-09-30,2003-06-30,2003-03-31,2002-12-31,2002-09-30,2002-06-30,2002-03-31,2001-12-31,2001-09-30,2001-06-30,2001-03-31,2000-12-31,2000-09-30,2000-06-30,2000-03-31,1999-12-31,1999-09-30,1999-06-30,1999-03-31,1998-12-31,1998-09-30,1998-06-30,1998-03-31,1997-12-31,1997-09-30,1997-06-30,1997-03-31,1996-12-31,1996-09-30,1996-06-30,1996-03-31,1995-12-31
Revenue,41474000000,43999000000,39392000000,40190000000,34476000000,37678000000,35683000000,26752000000,36228000000,35952000000,37501000000,19371000000,34320000000,39715000000,36990000000,38853000000,40342000000,41793000000,37666000000,38920000000,41959000000,41326000000,36451000000,39853000000,39146000000,38654000000,35943000000,39485000000,37718000000,40251000000,38144000000,37263000000,33900000000,35870000000,34920000000,37411000000,35876000000,37570000000,35775000000,37923000000,35649000000,35731000000,32172000000,33211000000,32445000000,33917000000,33047000000,35527000000,33114000000,32428000000,29893000000,35067000000,31566000000,34811000000,30272000000,26810000000,24390000000,27444000000,31746000000,41102000000,43292000000,42233000000,41078000000,44242000000,43005000000,40303000000,37095000000,41878000000,40789000000,46264000000,40510000000,45166000000,44895000000,45599000000,39121000000,42873000000,44723000000,48047000000,36742000000,40582000000,40815000000,41252000000,39338000000,42207000000,39573000000,39874000000,36324000000,42314000000,42446000000,43121000000,40055000000,44499000000,42894000000,43967000000,37280000000,41907000000,37549000000,36837000000,32640000000,37289000000,36584000000,39952000000,36096000000,40265000000,37314000000,38833000000,33960000000,38973000000,35225000000,
Revenue Growth (YoY),20.30%,16.78%,10.39%,50.23%,-4.84%,4.80%,-4.85%,38.10%,5.56%,-9.48%,1.38%,-50.14%,-14.93%,-4.97%,-1.79%,-0.17%,-3.85%,1.13%,3.33%,-2.34%,7.19%,6.91%,1.41%,0.93%,3.79%,-3.97%,-5.77%,5.96%,11.26%,12.21%,9.23%,-0.40%,-5.51%,-4.52%,-2.39%,-1.35%,0.64%,5.15%,11.20%,14.19%,9.88%,5.35%,-2.65%,-6.52%,-2.02%,4.59%,10.55%,1.31%,4.90%,-6.85%,-1.25%,30.80%,29.42%,26.84%,-4.64%,-34.77%,-43.66%,-35.02%,-22.72%,-7.10%,0.67%,4.79%,10.74%,5.64%,5.43%,-12.88%,-8.43%,-7.28%,-9.15%,1.46%,3.55%,5.35%,0.38%,-5.10%,6.47%,5.65%,9.57%,16.47%,-6.60%,-3.85%,3.14%,3.46%,8.30%,-0.25%,-6.77%,-7.53%,-9.31%,-4.91%,-1.04%,-1.92%,7.44%,6.19%,14.23%,19.36%,14.22%,12.38%,2.64%,-7.80%,-9.57%,-7.39%,-1.96%,2.88%,6.29%,3.32%,5.93%,,,,,
Cost of Revenue,36855000000,39896000000,36041000000,34563000000,30393000000,33691000000,31394000000,23897000000,30921000000,34864000000,32884000000,20165000000,33446000000,37180000000,34650000000,36038000000,36297000000,38165000000,33920000000,35556000000,38091000000,37371000000,32534000000,35545000000,34918000000,34817000000,32868000000,34780000000,32577000000,36440000000,33118000000,32071000000,29192000000,37187000000,30944000000,32034000000,31738000000,28387000000,30838000000,33282000000,30751000000,32373000000,27469000000,28645000000,27744000000,33571000000,27622000000,29274000000,26722000000,31588000000,24197000000,27697000000,25098000000,29374000000,24942000000,23765000000,21815000000,26702000000,25400000000,40592000000,35800000000,38746000000,33432000000,36303000000,34774000000,38576000000,37649000000,36181000000,36701000000,39267000000,33653000000,36705000000,35778000000,38333000000,30956000000,33624000000,34054000000,41467000000,28381000000,31660000000,31055000000,32291000000,30568000000,32245000000,29923000000,36968000000,27193000000,33648000000,30815000000,30898000000,29670000000,33495000000,31578000000,32618000000,27879000000,30796000000,27737000000,29258000000,23848000000,26156000000,25354000000,26859000000,25681000000,28659000000,26795000000,28941000000,24926000000,28505000000,26510000000,
Gross Profit,4619000000,4103000000,3351000000,5627000000,4083000000,3987000000,4289000000,2855000000,5307000000,1088000000,4617000000,-794000000,874000000,2535000000,2340000000,2815000000,4045000000,3628000000,3746000000,3364000000,3868000000,3955000000,3917000000,4308000000,4228000000,3837000000,3075000000,4705000000,5141000000,3811000000,5026000000,5192000000,4708000000,-1317000000,3976000000,5377000000,4138000000,9183000000,4937000000,4641000000,4898000000,3358000000,4703000000,4566000000,4701000000,346000000,5425000000,6253000000,6392000000,840000000,5696000000,7370000000,6468000000,5437000000,5330000000,3045000000,2575000000,742000000,6346000000,510000000,7492000000,3487000000,7646000000,7939000000,8231000000,1727000000,-554000000,5697000000,4088000000,6997000000,6857000000,8461000000,9117000000,7266000000,8165000000,9249000000,10669000000,6580000000,8361000000,8922000000,9760000000,8961000000,8770000000,9962000000,9650000000,2906000000,9131000000,8666000000,11631000000,12223000000,10385000000,11004000000,11316000000,11349000000,9401000000,11111000000,9812000000,7579000000,8792000000,11133000000,11230000000,13093000000,10415000000,11606000000,10519000000,9892000000,9034000000,10468000000,8715000000,
"Selling, General & Admin",2506000000,2542000000,2847000000,2759000000,2740000000,3248000000,2947000000,2877000000,2843000000,3530000000,2266000000,1965000000,2432000000,2992000000,2601000000,2725000000,2843000000,2996000000,2882000000,2778000000,2747000000,3088000000,2919000000,2756000000,2764000000,2841000000,2657000000,2784000000,2690000000,3361000000,2386000000,2544000000,3465000000,1510000000,3484000000,3476000000,3372000000,1288000000,3235000000,3203000000,3124000000,2749000000,2919000000,2983000000,2878000000,2382000000,2861000000,2907000000,2734000000,3029000000,2654000000,3137000000,3089000000,3222000000,3005000000,3110000000,3692000000,4091000000,4575000000,7305000000,5094000000,5341000000,4904000000,4952000000,5964000000,5442000000,4489000000,4623000000,4594000000,6407000000,5983000000,6104000000,6094000000,6579000000,5694000000,5920000000,5819000000,6616000000,5901000000,5904000000,6039000000,6593000000,6177000000,6119000000,6309000000,17823000000,2342000000,2336000000,2506000000,16660000000,2338000000,2458000000,2265000000,2772000000,2029000000,2296000000,1777000000,1818000000,1869000000,2231000000,1916000000,3086000000,1669000000,1702000000,1538000000,2006000000,1514000000,1633000000,1472000000,
Operating Expenses,2506000000,2542000000,2847000000,2759000000,2740000000,3248000000,2947000000,2877000000,2843000000,3530000000,2266000000,1965000000,2432000000,2992000000,2601000000,2725000000,2843000000,2996000000,2882000000,2778000000,2747000000,3088000000,2919000000,2756000000,2764000000,2841000000,2657000000,2784000000,2690000000,3361000000,2386000000,2544000000,3465000000,1510000000,3484000000,3476000000,3372000000,1288000000,3235000000,3203000000,3124000000,2749000000,2919000000,2983000000,2878000000,2382000000,2861000000,2907000000,2734000000,3029000000,2654000000,3137000000,3089000000,3222000000,3005000000,3110000000,3692000000,4091000000,4575000000,7305000000,5094000000,7741000000,4904000000,4952000000,5964000000,5442000000,4489000000,4623000000,4594000000,6407000000,5983000000,6104000000,6094000000,5726000000,6020000000,6094000000,6172000000,4815000000,6430000000,6583000000,6632000000,7123000000,6969000000,6890000000,7269000000,7472000000,7302000000,6924000000,7148000000,6520000000,6504000000,6516000000,6128000000,6875000000,5934000000,6143000000,5294000000,5116000000,5540000000,5796000000,6196000000,7721000000,6227000000,5810000000,5629000000,6210000000,5524000000,5408000000,5147000000,
Other Operating Expenses,0,0,0,0,0,0,0,0,0,0,0,0,0,0,0,0,0,0,0,0,0,0,0,0,0,0,0,0,0,0,0,0,0,0,0,0,0,0,0,0,0,0,0,0,0,0,0,0,0,0,0,0,0,0,0,0,0,0,0,0,0,2400000000,0,0,0,0,0,0,0,0,0,0,0,-853000000,326000000,174000000,353000000,-1801000000,529000000,679000000,593000000,530000000,792000000,771000000,960000000,-10351000000,4960000000,4588000000,4642000000,-10140000000,4166000000,4058000000,3863000000,4103000000,3905000000,3847000000,3517000000,3298000000,3671000000,3565000000,4280000000,4635000000,4558000000,4108000000,4091000000,4204000000,4010000000,3775000000,3675000000,0
Operating Income,2113000000,1561000000,504000000,2868000000,1343000000,739000000,1342000000,-22000000,2464000000,-2442000000,2351000000,-2759000000,-1558000000,-457000000,-261000000,90000000,1202000000,632000000,864000000,586000000,1121000000,867000000,998000000,1552000000,1464000000,996000000,418000000,1921000000,2451000000,450000000,2640000000,2648000000,1243000000,-2827000000,492000000,1901000000,766000000,7895000000,1702000000,1438000000,1774000000,609000000,1784000000,1583000000,1823000000,-2036000000,2564000000,3346000000,3658000000,-2189000000,3042000000,4233000000,3379000000,2215000000,2325000000,-65000000,-1117000000,-3349000000,1771000000,-6795000000,2398000000,-4254000000,2742000000,2987000000,2267000000,-3715000000,-5043000000,1074000000,-506000000,590000000,874000000,2357000000,3023000000,1540000000,2145000000,3155000000,4497000000,1765000000,1931000000,2339000000,3128000000,1838000000,1801000000,3072000000,2381000000,-4566000000,1829000000,1742000000,4483000000,5703000000,3881000000,4488000000,5188000000,4474000000,3467000000,4968000000,4518000000,2463000000,3252000000,5337000000,5034000000,5372000000,4188000000,5796000000,4890000000,3682000000,3510000000,5060000000,3568000000,
Interest Expense / Income,308000000,318000000,321000000,312000000,308000000,438000000,439000000,453000000,473000000,474000000,498000000,450000000,227000000,255000000,276000000,244000000,245000000,295000000,343000000,301000000,289000000,308000000,298000000,291000000,293000000,301000000,238000000,212000000,200000000,212000000,206000000,190000000,165000000,178000000,204000000,207000000,208000000,212000000,204000000,207000000,206000000,142000000,198000000,188000000,185000000,-2580000000,1096000000,1127000000,1174000000,-2999000000,1469000000,1636000000,1701000000,1577000000,1613000000,1679000000,1921000000,2307000000,2413000000,2442000000,2575000000,2828000000,2733000000,2759000000,2714000000,2453000000,1937000000,2258000000,2135000000,2130000000,2157000000,1919000000,2211000000,3035000000,1867000000,1734000000,1835000000,3501000000,1914000000,1827000000,1957000000,2023000000,2208000000,2221000000,2349000000,3485000000,2287000000,2484000000,2560000000,3885000000,2451000000,2311000000,2213000000,1978000000,1988000000,1825000000,1888000000,2011000000,1830000000,1825000000,2370000000,2504000000,2430000000,2422000000,2356000000,2386000000,2458000000,2439000000,2421000000,
Other Expense / Income,-448000000,47000000,1205000000,1736000000,4874000000,-10926000000,-992000000,-1218000000,-1951000000,891000000,-898000000,-4292000000,-639000000,1724000000,-520000000,-357000000,-616000000,358000000,-571000000,-1061000000,-1078000000,-1309000000,-1063000000,-997000000,-1073000000,1826000000,-1203000000,-1164000000,-1397000000,-1662000000,-857000000,-827000000,-700000000,156000000,-735000000,-420000000,-701000000,-665000000,-592000000,-587000000,-554000000,-1295000000,-658000000,-202000000,-398000000,-910000000,-375000000,-385000000,-287000000,528000000,-313000000,-253000000,-457000000,-278000000,-384000000,-3990000000,-1384000000,-427000000,-18000000,-97000000,-342000000,-2399000000,227000000,-645000000,-346000000,-394000000,-572000000,-503000000,-236000000,-939000000,-393000000,-639000000,-187000000,-516000000,-185000000,-5000000,-109000000,38000000,-98000000,-99000000,-62000000,-43000000,-158000000,-5000000,1150000000,-881000000,523000000,297000000,297000000,224000000,97000000,2029000000,-122000000,-154000000,-104000000,-226000000,-238000000,-701000000,-57000000,-57000000,-15859000000,19000000,51000000,-324000000,181000000,-479000000,-92000000,40000000,100000000,
Pretax Income,2253000000,1196000000,-1022000000,820000000,-3839000000,11227000000,1895000000,743000000,3942000000,-3807000000,2751000000,1083000000,-1146000000,-2436000000,-17000000,203000000,1573000000,-21000000,1092000000,1346000000,1910000000,1868000000,1763000000,2258000000,2244000000,-1131000000,1383000000,2873000000,3648000000,1900000000,3291000000,3285000000,1778000000,-3161000000,1023000000,2114000000,1259000000,8348000000,2090000000,1818000000,2122000000,1762000000,2244000000,1597000000,2036000000,1454000000,1843000000,2604000000,2771000000,282000000,1886000000,2850000000,2135000000,916000000,1096000000,2246000000,-1654000000,-5229000000,-624000000,-9140000000,165000000,-4683000000,-218000000,873000000,-101000000,-5774000000,-6408000000,-681000000,-2405000000,-601000000,-890000000,1077000000,999000000,-979000000,463000000,1426000000,2771000000,-1774000000,115000000,611000000,1233000000,-142000000,-249000000,856000000,-1118000000,-7170000000,-981000000,-1039000000,1626000000,1594000000,1333000000,148000000,3097000000,2650000000,1583000000,3369000000,2868000000,1153000000,1479000000,3569000000,18523000000,2849000000,1707000000,3698000000,2353000000,1775000000,1144000000,2581000000,1047000000,
Income Tax,496000000,-93000000,-195000000,153000000,-729000000,-1055000000,63000000,182000000,680000000,-1019000000,366000000,-34000000,847000000,-764000000,-442000000,55000000,427000000,95000000,101000000,280000000,174000000,-652000000,191000000,211000000,652000000,-341000000,426000000,903000000,1196000000,32000000,1099000000,1125000000,625000000,-1257000000,188000000,803000000,270000000,511000000,818000000,585000000,511000000,216000000,613000000,557000000,640000000,-12161000000,194000000,206000000,220000000,92000000,199000000,251000000,50000000,30000000,99000000,-15000000,-227000000,749000000,-463000000,-443000000,95000000,-1800000000,162000000,123000000,181000000,-149000000,-1160000000,-364000000,-982000000,-527000000,-314000000,-138000000,124000000,-634000000,197000000,261000000,819000000,-725000000,140000000,194000000,337000000,-8000000,81000000,289000000,-20000000,-2098000000,-285000000,-284000000,571000000,521000000,449000000,728000000,1022000000,848000000,473000000,1034000000,893000000,114000000,482000000,1192000000,972000000,1066000000,595000000,1182000000,898000000,585000000,474000000,694000000,413000000,
Net Income,1757000000,1289000000,-827000000,667000000,-3110000000,12282000000,1832000000,561000000,3262000000,-2788000000,2385000000,1117000000,-1993000000,-1672000000,425000000,148000000,1146000000,-116000000,991000000,1066000000,1736000000,2520000000,1572000000,2047000000,1592000000,-790000000,957000000,1970000000,2452000000,1868000000,2192000000,2160000000,1153000000,-1904000000,835000000,1311000000,989000000,7837000000,1272000000,1233000000,1611000000,1546000000,1631000000,1040000000,1396000000,13615000000,1649000000,2398000000,2551000000,190000000,1687000000,2599000000,2085000000,886000000,997000000,2261000000,-1427000000,-5978000000,-161000000,-8697000000,70000000,-2883000000,-380000000,750000000,-282000000,-5625000000,-5248000000,-317000000,-1423000000,-74000000,-576000000,1215000000,875000000,-345000000,266000000,1165000000,1952000000,-1049000000,-25000000,417000000,896000000,-134000000,-330000000,567000000,-1098000000,-5072000000,-696000000,-755000000,1055000000,1073000000,884000000,-580000000,2075000000,1802000000,1110000000,2335000000,1975000000,1039000000,997000000,2377000000,17551000000,1783000000,1112000000,2516000000,1455000000,1190000000,670000000,1887000000,634000000,
Net Income Growth,,-89.50%,,18.89%,,,-23.19%,-49.78%,,,461.18%,654.73%,,,-57.11%,-86.12%,-33.99%,,-36.96%,-47.92%,9.05%,,64.26%,3.91%,-35.07%,,-56.34%,-8.80%,112.66%,,162.51%,64.76%,16.58%,,-34.36%,6.33%,-38.61%,406.92%,-22.01%,18.56%,15.40%,-88.64%,-1.09%,-56.63%,-45.28%,7065.79%,-2.25%,-7.73%,22.35%,-78.56%,69.21%,14.95%,,,,,,,,,,,,,,,,,,,,4.29%,-55.17%,,,179.38%,117.86%,,,-26.46%,,,,,,,,,-49.16%,-40.46%,-20.36%,,5.06%,73.44%,11.33%,-1.77%,-88.75%,-41.73%,-10.34%,-5.52%,1106.25%,49.83%,65.97%,33.33%,129.50%,,,,,
Shares Outstanding (Basic),3990000000,4005000000,4021000000,4021000000,4008000000,3997000000,3995000000,3992000000,3980000000,3979000000,3976000000,3975000000,3963000000,3960000000,3970000000,3984000000,3973000000,3968000000,3976000000,3977000000,3971647586,3975000000,3971755141,3981986307,3973227193,3973714623,3973240869,3972835158,3970255620,3968630174,3967837986,3975356238,3908490149,3848687417,3878458189,3954258349,3936038597,3944436670,3939667864,3931206062,3813778344,3812661996,3813986552,3816367498,3799646534,3800100206,3799828733,3798185028,3777852076,3449000000,3439319228,3406580715,3336852076,2992000000,3221289753,2873249729,2411852076,2273000000,2261350250,2242000062,2194852076,1979000000,2099594478,1880147651,1880623911,1879000000,1881010485,1875951457,1848442322,1846000000,1853049994,1840352873,1830902876,1827000000,1829000000,1831000000,1832000000,1832000000,1831000000,1832000000,1832000000,1834000000,1822000000,1813000000,1807000000,1811000000,1812000000,1819000000,1840000000,1483000000,1649000000,1205000000,1206000000,1210000000,1209000000,1211000000,1211000000,1211000000,1212000000,1212000000,1210000000,1201000000,1198000000,1193000000,1190000000,1185000000,1183000000,1178000000,1168000000,1071000000
Shares Outstanding (Diluted),4029000000,4005000000,4021000000,4052000000,4008000000,4055000000,4036000000,4028000000,4016000000,3901000000,4005000000,3992000000,3963000000,3998000000,4007000000,4013000000,3997000000,3995000000,4000000000,3999000000,,,,,,,,,,,,,,,,,,,,,,,,,,,,,,,,,,,,,,,,,,,,,,,,,,,,,,1827000000,1829000000,1831000000,1832000000,1832000000,1831000000,1832000000,1832000000,1834000000,1822000000,1813000000,1807000000,1811000000,1812000000,1819000000,1840000000,1483000000,1649000000,1205000000,1206000000,1210000000,1209000000,1211000000,1211000000,1211000000,1212000000,1212000000,1210000000,1201000000,1198000000,1193000000,1190000000,1185000000,1183000000,1178000000,1168000000,
Shares Change,0.52%,-1.23%,-0.37%,0.60%,-0.20%,3.95%,0.77%,0.90%,1.34%,-2.43%,-0.05%,-0.52%,-0.85%,0.08%,0.17%,0.35%,0.64%,0.50%,0.71%,0.43%,-0.04%,0.03%,-0.04%,0.23%,0.07%,0.13%,0.14%,-0.06%,1.58%,3.12%,2.30%,0.53%,-0.70%,-2.43%,-1.55%,0.59%,3.21%,3.46%,3.30%,3.01%,0.37%,0.33%,0.37%,0.48%,0.58%,10.18%,10.48%,11.50%,13.22%,15.27%,6.77%,18.56%,38.35%,31.63%,42.45%,28.16%,9.89%,14.86%,7.70%,19.25%,16.71%,5.32%,11.62%,0.22%,1.74%,1.79%,1.51%,1.93%,0.96%,1.04%,1.31%,0.51%,-0.06%,-0.27%,-0.11%,-0.05%,0.00%,-0.11%,0.49%,1.05%,1.38%,1.27%,0.55%,-0.33%,-1.79%,22.12%,9.88%,50.95%,52.57%,22.56%,36.39%,-0.50%,-0.41%,-0.08%,-0.25%,-0.08%,0.08%,0.83%,1.17%,1.59%,1.68%,1.35%,1.27%,1.27%,1.88%,10.64%,,,,
EPS (Basic),0.44,0.32,-0.21,0.17,-0.78,3.07,0.46,0.14,0.82,-0.70,0.60,0.28,-0.50,-0.42,0.11,0.04,0.29,-0.02,0.25,0.27,0.44,0.63,0.40,0.51,0.40,-0.19,0.24,0.50,0.62,0.47,0.55,0.54,0.29,-0.49,0.22,0.33,0.25,1.99,0.32,0.31,0.41,0.40,0.43,0.27,0.37,3.59,0.43,0.63,0.68,0.03,0.49,0.76,0.62,0.28,0.31,0.75,-0.60,-2.56,-0.07,-3.89,0.03,-1.46,-0.19,0.40,-0.15,-2.99,-2.79,-0.17,-0.76,-0.04,-0.31,0.66,0.48,-0.19,0.15,0.64,1.07,-0.57,-0.01,0.23,0.49,-0.08,-0.18,0.31,-0.61,-2.80,-0.39,-0.42,0.58,0.57,0.54,-0.48,1.73,1.50,0.92,1.93,1.64,0.88,0.82,1.96,14.48,1.49,0.93,2.11,1.23,1.02,0.57,1.60,0.54,
EPS (Diluted),0.44,0.32,-0.21,0.16,-0.78,3.05,0.45,0.14,0.81,-0.70,0.60,0.28,-0.50,-0.42,0.11,0.04,0.29,-0.03,0.25,0.27,0.43,0.63,0.39,0.51,0.40,-0.20,0.24,0.49,0.61,0.46,0.55,0.54,0.29,-0.47,0.21,0.32,0.24,1.92,0.31,0.30,0.40,0.39,0.41,0.26,0.35,3.32,0.41,0.59,0.61,0.05,0.43,0.61,0.50,0.25,0.29,0.69,-0.60,-2.56,-0.07,-3.89,0.03,-1.46,-0.19,0.31,-0.15,-2.99,-2.79,-0.17,-0.76,-0.02,-0.31,0.60,0.44,-0.14,0.15,0.57,0.94,-0.55,-0.01,0.22,0.45,-0.07,-0.18,0.29,-0.61,-2.80,-0.39,-0.42,0.56,0.57,0.53,-0.47,1.70,1.47,0.90,1.89,1.60,0.86,0.80,1.91,14.23,1.45,0.91,2.06,1.20,0.98,0.56,1.56,0.53,
EPS Growth,,-89.51%,,14.29%,,,-25.00%,-50.00%,,,445.45%,600.00%,,,-56.00%,-85.19%,-32.56%,,-35.90%,-47.06%,7.50%,,62.50%,4.08%,-34.43%,,-56.36%,-9.26%,110.34%,,161.90%,68.75%,20.83%,,-32.26%,6.67%,-40.00%,392.31%,-24.39%,15.38%,14.29%,-88.25%,0.00%,-55.93%,-42.62%,6540.00%,-4.65%,-3.28%,22.00%,-80.00%,48.28%,-11.59%,,,,,,,,,,,,,,,,,,,,5.26%,-53.19%,,,159.09%,108.89%,,,-24.14%,,,,,,,,,-67.06%,-61.22%,-41.11%,,6.25%,70.93%,12.50%,-1.05%,-88.76%,-40.69%,-12.09%,-7.28%,1085.83%,47.96%,62.50%,32.05%,126.42%,,,,,
Free Cash Flow Per Share,0.26,-0.22,0.52,0.31,-0.61,0.44,1.36,-0.19,0.79,0.76,2.47,2.00,-0.57,0.16,0.74,1.14,0.48,-0.19,0.80,0.77,0.44,0.26,0.84,1.02,0.66,0.18,0.87,1.52,0.66,0.08,1.17,0.88,0.16,0.00,0.90,0.72,0.18,-0.41,0.57,1.14,-0.33,-0.59,0.55,0.71,0.26,-0.37,0.71,0.69,0.42,0.03,0.83,0.83,0.48,-0.22,1.48,1.52,1.22,-2.26,-0.28,-0.22,-0.21,1.02,3.07,1.55,-0.17,-4.77,2.89,4.35,-1.00,-0.17,1.96,3.10,0.72,0.27,2.96,2.34,1.39,-3.17,1.88,1.53,3.22,-4.48,1.99,2.27,1.72,-1.26,3.98,3.27,1.38,1.80,3.95,6.38,5.01,4.87,3.04,4.25,2.71,2.94,,,2.02,5.01,5.77,1.32,2.62,1.43,1.20,,,
Dividend Per Share,0.80,0.15,0.15,0.10,0.10,0.10,0.00,0.00,0.00,0.00,0.00,0.00,0.15,0.15,0.15,0.15,0.15,0.15,0.15,0.15,0.28,0.15,0.15,0.15,0.20,0.15,0.15,0.15,0.40,0.15,0.15,0.15,0.15,0.13,0.13,0.13,0.13,0.10,0.10,0.10,0.10,0.05,0.05,0.05,0.05,0.00,0.00,0.00,0.00,0.00,0.00,0.00,0.00,0.00,0.00,0.00,0.00,0.00,0.00,0.00,0.00,0.00,0.00,0.00,0.00,0.00,0.05,0.10,0.10,0.10,0.10,0.10,0.10,0.10,0.10,0.10,0.10,0.10,0.10,0.10,0.10,0.10,0.10,0.10,0.10,0.15,0.30,0.30,0.30,0.30,0.51,2.28,0.51,0.51,0.47,0.47,0.47,0.47,0.43,22.90,0.43,0.43,0.43,0.43,0.39,0.39,0.39,0.36,0.36,0.36
Dividend Growth,700.00%,50.00%,,,,,,,,,,,0.00%,0.00%,0.00%,0.00%,-46.43%,0.00%,0.00%,0.00%,40.00%,0.00%,0.00%,0.00%,-50.00%,0.00%,0.00%,0.00%,166.67%,20.00%,20.00%,20.00%,20.00%,25.00%,25.00%,25.00%,25.00%,100.00%,100.00%,100.00%,100.00%,,,,,,,,,,,,,,,,,,,,,,,,,,-50.00%,0.00%,0.00%,0.00%,0.00%,0.00%,0.00%,0.00%,0.00%,0.00%,0.00%,0.00%,0.00%,0.00%,0.00%,-33.33%,-66.67%,-66.67%,-66.67%,-50.00%,-40.94%,-86.84%,-40.94%,-40.94%,8.78%,388.01%,8.78%,8.78%,9.37%,-97.96%,9.37%,9.37%,0.00%,5261.83%,9.21%,9.21%,9.21%,19.94%,9.83%,9.83%,,,,
Gross Margin,11.14%,9.33%,8.51%,14.00%,11.84%,10.58%,12.02%,10.67%,14.65%,3.03%,12.31%,-4.10%,2.55%,6.38%,6.33%,7.25%,10.03%,8.68%,9.95%,8.64%,9.22%,9.57%,10.75%,10.81%,10.80%,9.93%,8.56%,11.92%,13.63%,9.47%,13.18%,13.93%,13.89%,-3.67%,11.39%,14.37%,11.53%,24.44%,13.80%,12.24%,13.74%,9.40%,14.62%,13.75%,14.49%,1.02%,16.42%,17.60%,19.30%,2.59%,19.05%,21.02%,20.49%,15.62%,17.61%,11.36%,10.56%,2.70%,19.99%,1.24%,17.31%,8.26%,18.61%,17.94%,19.14%,4.29%,-1.49%,13.60%,10.02%,15.12%,16.93%,18.73%,20.31%,15.93%,20.87%,21.57%,23.86%,13.69%,22.76%,21.99%,23.91%,21.72%,22.29%,23.60%,24.39%,7.29%,25.14%,20.48%,27.40%,28.35%,25.93%,24.73%,26.38%,25.81%,25.22%,26.51%,26.13%,20.57%,26.94%,29.86%,30.70%,32.77%,28.85%,28.82%,28.19%,25.47%,26.60%,26.86%,24.74%,
Operating Margin,5.09%,3.55%,1.28%,7.14%,3.90%,1.96%,3.76%,-0.08%,6.80%,-6.79%,6.27%,-14.24%,-4.54%,-1.15%,-0.71%,0.23%,2.98%,1.51%,2.29%,1.51%,2.67%,2.10%,2.74%,3.89%,3.74%,2.58%,1.16%,4.87%,6.50%,1.12%,6.92%,7.11%,3.67%,-7.88%,1.41%,5.08%,2.14%,21.01%,4.76%,3.79%,4.98%,1.70%,5.55%,4.77%,5.62%,-6.00%,7.76%,9.42%,11.05%,-6.75%,10.18%,12.07%,10.70%,6.36%,7.68%,-0.24%,-4.58%,-12.20%,5.58%,-16.53%,5.54%,-10.07%,6.68%,6.75%,5.27%,-9.22%,-13.59%,2.56%,-1.24%,1.28%,2.16%,5.22%,6.73%,3.38%,5.48%,7.36%,10.06%,3.67%,5.26%,5.76%,7.66%,4.46%,4.58%,7.28%,6.02%,-11.45%,5.04%,4.12%,10.56%,13.23%,9.69%,10.09%,12.09%,10.18%,9.30%,11.85%,12.03%,6.69%,9.96%,14.31%,13.76%,13.45%,11.60%,14.39%,13.11%,9.48%,10.34%,12.98%,10.13%,
Profit Margin,4.24%,2.93%,-2.10%,1.66%,-9.02%,32.60%,5.13%,2.10%,9.00%,-7.75%,6.36%,5.77%,-5.81%,-4.21%,1.15%,0.38%,2.84%,-0.28%,2.63%,2.74%,4.14%,6.10%,4.31%,5.14%,4.07%,-2.04%,2.66%,4.99%,6.50%,4.64%,5.75%,5.80%,3.40%,-5.31%,2.39%,3.50%,2.76%,20.86%,3.56%,3.25%,4.52%,4.33%,5.07%,3.13%,4.30%,40.14%,4.99%,6.75%,7.70%,0.59%,5.64%,7.41%,6.61%,2.55%,3.29%,8.43%,-5.85%,-21.78%,-0.51%,-21.16%,0.16%,-6.83%,-0.93%,1.70%,-0.66%,-13.96%,-14.15%,-0.76%,-3.49%,-0.16%,-1.42%,2.69%,1.95%,-0.76%,0.68%,2.72%,4.36%,-2.18%,-0.07%,1.03%,2.20%,-0.32%,-0.84%,1.34%,-2.77%,-12.72%,-1.92%,-1.78%,2.49%,2.49%,2.21%,-1.30%,4.84%,4.10%,2.98%,5.57%,5.26%,2.82%,3.05%,6.37%,47.97%,4.46%,3.08%,6.25%,3.90%,3.06%,1.97%,4.84%,1.80%,
Free Cash Flow Margin,2.46%,-2.02%,5.28%,3.11%,-7.12%,4.67%,15.23%,-2.83%,8.62%,8.37%,26.22%,40.99%,-6.56%,1.58%,7.91%,11.69%,4.74%,-1.82%,8.49%,7.87%,4.13%,2.50%,9.12%,10.18%,6.72%,1.86%,9.61%,15.31%,6.99%,0.77%,12.14%,9.33%,1.81%,0.04%,9.99%,7.59%,1.96%,-4.32%,6.31%,11.82%,-3.57%,-6.29%,6.55%,8.17%,3.03%,-4.11%,8.11%,7.42%,4.74%,0.29%,9.57%,8.03%,5.12%,-1.93%,15.76%,16.31%,12.08%,-18.76%,-2.01%,-1.23%,-1.07%,4.79%,15.67%,6.57%,-0.74%,-22.24%,14.63%,19.50%,-4.55%,-0.68%,8.95%,12.63%,2.95%,1.10%,13.86%,9.98%,5.71%,-12.10%,9.38%,6.90%,14.44%,-19.90%,9.20%,9.75%,7.85%,-5.73%,19.86%,14.07%,5.97%,6.19%,16.26%,17.28%,14.08%,13.40%,9.85%,12.29%,8.73%,9.66%,,,6.67%,15.05%,19.15%,3.92%,8.37%,4.36%,4.19%,,,
Effective Tax Rate,22.02%,-7.78%,,18.66%,,-9.40%,3.32%,24.50%,17.25%,,13.30%,-3.14%,,,,27.09%,27.15%,,9.25%,20.80%,9.11%,-34.90%,10.83%,9.34%,29.06%,,30.80%,31.43%,32.79%,1.68%,33.39%,34.25%,35.15%,,18.38%,37.98%,21.45%,6.12%,39.14%,32.18%,24.08%,12.26%,27.32%,34.88%,31.43%,-836.38%,10.53%,7.91%,7.94%,32.62%,10.55%,8.81%,2.34%,3.28%,9.03%,-0.67%,,,,,57.58%,,,14.09%,,,,,,,,-12.81%,12.41%,,42.55%,18.30%,29.56%,,121.74%,31.75%,27.33%,,,33.76%,,,,,35.12%,32.69%,33.68%,491.89%,33.00%,32.00%,29.88%,30.69%,31.14%,9.89%,32.59%,33.40%,5.25%,37.42%,34.86%,31.96%,38.16%,32.96%,41.43%,26.89%,39.45%,
EBITDA,4458000000,3487000000,1194000000,3049000000,-1674000000,13505000000,4173000000,2732000000,6518000000,-1252000000,5117000000,3891000000,1525000000,198000000,2581000000,3006000000,4247000000,2729000000,8365000000,1647000000,2199000000,11417000000,2061000000,2549000000,2537000000,8193000000,1621000000,3085000000,3848000000,10105000000,3497000000,3475000000,1943000000,4402000000,1227000000,2321000000,1467000000,15064000000,2294000000,2025000000,2328000000,7390000000,2442000000,1785000000,2221000000,-1126000000,2939000000,3731000000,3945000000,-2717000000,3355000000,4486000000,3836000000,2493000000,2709000000,3925000000,267000000,-2922000000,1789000000,-6698000000,2740000000,-1855000000,2515000000,3632000000,2613000000,-3321000000,-4471000000,1577000000,-270000000,1529000000,1267000000,2996000000,3210000000,2056000000,2330000000,3160000000,4606000000,1727000000,2029000000,2438000000,3190000000,1881000000,1959000000,3077000000,1231000000,-3685000000,1306000000,1445000000,4186000000,5479000000,3784000000,2459000000,5310000000,4628000000,3571000000,5194000000,4756000000,3164000000,,,20893000000,5353000000,4137000000,6120000000,4709000000,4161000000,3602000000,,,
EBITDA Margin,10.75%,7.93%,3.03%,7.59%,-4.86%,35.84%,11.69%,10.21%,17.99%,-3.48%,13.64%,20.09%,4.44%,0.50%,6.98%,7.74%,10.53%,6.53%,22.21%,4.23%,5.24%,27.63%,5.65%,6.40%,6.48%,21.20%,4.51%,7.81%,10.20%,25.10%,9.17%,9.33%,5.73%,12.27%,3.51%,6.20%,4.09%,40.10%,6.41%,5.34%,6.53%,20.68%,7.59%,5.37%,6.85%,-3.32%,8.89%,10.50%,11.91%,-8.38%,11.22%,12.79%,12.15%,7.16%,8.95%,14.64%,1.09%,-10.65%,5.64%,-16.30%,6.33%,-4.39%,6.12%,8.21%,6.08%,-8.24%,-12.05%,3.77%,-0.66%,3.30%,3.13%,6.63%,7.15%,4.51%,5.96%,7.37%,10.30%,3.59%,5.52%,6.01%,7.82%,4.56%,4.98%,7.29%,3.11%,-9.24%,3.60%,3.41%,9.86%,12.71%,9.45%,5.53%,12.38%,10.53%,9.58%,12.39%,12.67%,8.59%,,,57.11%,13.40%,11.46%,15.20%,12.62%,10.72%,10.61%,,,
Depreciation & Amortization,1897000000,1973000000,1895000000,1917000000,1857000000,1840000000,1839000000,1536000000,2103000000,2081000000,1868000000,2358000000,2444000000,2379000000,2322000000,2559000000,2429000000,2455000000,6930000000,0,0,9241000000,0,0,0,9023000000,0,0,0,7993000000,0,0,0,7385000000,0,0,0,6504000000,0,0,0,5486000000,0,0,0,0,0,0,0,0,0,0,0,0,0,0,0,0,0,0,0,0,0,0,0,0,0,0,0,0,0,0,0,0,0,0,0,0,0,0,0,0,0,0,0,0,0,0,0,0,0,0,0,0,0,0,0,0,,,0,0,0,0,0,0,0,,,
EBIT,2561000000,1514000000,-701000000,1132000000,-3531000000,11665000000,2334000000,1196000000,4415000000,-3333000000,3249000000,1533000000,-919000000,-2181000000,259000000,447000000,1818000000,274000000,1435000000,1647000000,2199000000,2176000000,2061000000,2549000000,2537000000,-830000000,1621000000,3085000000,3848000000,2112000000,3497000000,3475000000,1943000000,-2983000000,1227000000,2321000000,1467000000,8560000000,2294000000,2025000000,2328000000,1904000000,2442000000,1785000000,2221000000,-1126000000,2939000000,3731000000,3945000000,-2717000000,3355000000,4486000000,3836000000,2493000000,2709000000,3925000000,267000000,-2922000000,1789000000,-6698000000,2740000000,-1855000000,2515000000,3632000000,2613000000,-3321000000,-4471000000,1577000000,-270000000,1529000000,1267000000,2996000000,3210000000,2056000000,2330000000,3160000000,4606000000,1727000000,2029000000,2438000000,3190000000,1881000000,1959000000,3077000000,1231000000,-3685000000,1306000000,1445000000,4186000000,5479000000,3784000000,2459000000,5310000000,4628000000,3571000000,5194000000,4756000000,3164000000,3309000000,5394000000,20893000000,5353000000,4137000000,6120000000,4709000000,4161000000,3602000000,5020000000,3468000000,
EBIT Margin,6.17%,3.44%,-1.78%,2.82%,-10.24%,30.96%,6.54%,4.47%,12.19%,-9.27%,8.66%,7.91%,-2.68%,-5.49%,0.70%,1.15%,4.51%,0.66%,3.81%,4.23%,5.24%,5.27%,5.65%,6.40%,6.48%,-2.15%,4.51%,7.81%,10.20%,5.25%,9.17%,9.33%,5.73%,-8.32%,3.51%,6.20%,4.09%,22.78%,6.41%,5.34%,6.53%,5.33%,7.59%,5.37%,6.85%,-3.32%,8.89%,10.50%,11.91%,-8.38%,11.22%,12.79%,12.15%,7.16%,8.95%,14.64%,1.09%,-10.65%,5.64%,-16.30%,6.33%,-4.39%,6.12%,8.21%,6.08%,-8.24%,-12.05%,3.77%,-0.66%,3.30%,3.13%,6.63%,7.15%,4.51%,5.96%,7.37%,10.30%,3.59%,5.52%,6.01%,7.82%,4.56%,4.98%,7.29%,3.11%,-9.24%,3.60%,3.41%,9.86%,12.71%,9.45%,5.53%,12.38%,10.53%,9.58%,12.39%,12.67%,8.59%,10.14%,14.47%,57.11%,13.40%,11.46%,15.20%,12.62%,10.72%,10.61%,12.88%,9.85%,